@book{kassapoglou2013design,
  title={Design and analysis of composite structures: with applications to aerospace structures},
  author={Kassapoglou, Christos},
  year={2013},
  publisher={John Wiley \& Sons}
}

@book{daniel2006engineering,
  title={Engineering Mechanics of Composite Materials},
  author={Daniel, I.},
  year={2006},
  publisher={Oxford University Press}
}

@article{miki1991optimum,
  title={Optimum Design of Laminated
Composite Plates Using Lamination Parameters},
  author={Miki, M.},
  journal={AIAA Paper},
  year={1991}
}

@article{chamis1969buckling,
  title={Buckling of anisotropic composite plates},
  author={Chamis, Christos C},
  journal={Journal of the Structural Division},
  volume={95},
  number={10},
  pages={2119--2140},
  year={1969},
  publisher={ASCE}
}

@article{schmit1973optimum,
  title={Optimum laminate design for strength and stiffness},
  author={Schmit, LA and Farshi, B},
  journal={International Journal for Numerical Methods in Engineering},
  volume={7},
  number={4},
  pages={519--536},
  year={1973},
  publisher={Wiley Online Library}
}

@article{herencia2007optimization,
  title={Optimization of long anisotropic laminated fiber composite panels with T-shaped stiffeners},
  author={Herencia, J Enrique and Weaver, Paul M and Friswell, Mike I},
  journal={AIAA journal},
  volume={45},
  number={10},
  pages={2497--2509},
  year={2007}
}

@article{niucomposite,
  title={COMPOSITE AIRFRAME STRUCTURES},
  author={Niu, M Chun-Yung},
  journal={Hong Kong Conmilit Press Ltd},
  year={1992}
}

@article{nasa1997guidelines,
  title={A summary and review of composite laminate design guidelines},
  author={Bailie, J; Ley, R; and Pasricha, A},
  journal={National Aeronautics and Space Administration},
  volume={Final},
  number={22},
  year={1997}
}

@book{mil2002handbook,
  title={MIL-HDBK-17-3F Composite Materials Handbook - Volume 3: Polymer Matrix
  Composites, Materials Usage, Design and Analyses},
  author={MIL-HDBK-17-3F},
  year={2002},
  publisher={US Department of Defense}
}
